%% LaTeX2e file `papers_during_phd.bib'
%% generated by the `filecontents' environment
%% from source `document_root' on 2023/06/28.
%%
@article{Tzitzis2020,
author = {Tzitzis, Anastasios and Megalou, Spyros and Siachalou, Stavroula and Emmanouil, Tsardoulias G. and Filotheou, Alexandros and Yioultsis, Traianos V. and Dimitriou, Antonis G.},
doi = {10.1109/JRFID.2020.3000332},
issn = {2469-7281},
journal = {IEEE Journal of Radio Frequency Identification},
month = {dec},
number = {4},
pages = {283--299},
title = {{Trajectory Planning of a Moving Robot Empowers 3D Localization of RFID Tags With a Single Antenna}},
url = {https://ieeexplore.ieee.org/document/9109328/},
volume = {4},
year = {2020}
}
@inproceedings{Tzitzis2020a,
author = {Tzitzis, Anastasios and Filotheou, Alexandros and Siachalou, Stavroula and Tsardoulias, Emmanouil and Megalou, Spyros and Bletsas, Aggelos and Panayiotou, Konstantinos and Symeonidis, Andreas and Yioultsis, Traianos and Dimitriou, Antonis G.},
booktitle = {2020 IEEE International Conference on RFID (RFID)},
doi = {10.1109/RFID49298.2020.9244904},
isbn = {978-1-7281-5576-0},
month = {sep},
pages = {1--8},
publisher = {IEEE},
title = {{Real-time 3D localization of RFID-tagged products by ground robots and drones with commercial off-the-shelf RFID equipment: Challenges and Solutions}},
url = {https://ieeexplore.ieee.org/document/9244904/},
year = {2020}
}
@inproceedings{Mylonopoulos2021,
author = {Mylonopoulos, George and Chatzistefanou, Aristidis Raptopoulos and Filotheou, Alexandros and Tzitzis, Anastasios and Siachalou, Stavroula and Dimitriou, Antonis G.},
booktitle = {2021 IEEE International Conference on RFID Technology and Applications (RFID-TA)},
doi = {10.1109/RFID-TA53372.2021.9617436},
isbn = {978-1-6654-2657-2},
month = {oct},
pages = {32--35},
publisher = {IEEE},
title = {{Localization, Tracking and Following a Moving Target by an RFID Equipped Robot}},
url = {https://ieeexplore.ieee.org/document/9617436/},
year = {2021}
}
@inproceedings{Dimitriou2021a,
author = {Dimitriou, Antonis and Tzitzis, Anastasios and Filotheou, Alexandros and Megalou, Spyros and Siachalou, Stavroula and Chatzistefanou, Aristidis R. and Malama, Andreana and Tsardoulias, Emmanouil and Panayiotou, Konstantinos and Giannelos, Evaggelos and Vasiliadis, Thodoris and Mouroutsos, Ioannis and Karanikas, Ioannis and Petrou, Loukas and Symeonidis, Andreas and Sahalos, John and Yioultsis, Traianos and Bletsas, Aggelos},
booktitle = {2021 6th International Conference on Smart and Sustainable Technologies (SpliTech)},
doi = {10.23919/SpliTech52315.2021.9566425},
isbn = {978-953-290-112-2},
month = {sep},
pages = {01--06},
publisher = {IEEE},
title = {{Autonomous Robots, Drones and Repeaters for Fast, Reliable, Low-Cost RFID Inventorying {\&} Localization}},
url = {https://ieeexplore.ieee.org/document/9566425/},
year = {2021}
}
@article{Tzitzis2023,
author = {Tzitzis, Anastasios and Filotheou, Alexandros and Chatzistefanou, Aristidis Raptopoulos and Yioultsis, Traianos and Dimitriou, Antonis G.},
doi = {10.1109/JRFID.2023.3288982},
issn = {2469-7281},
journal = {IEEE Journal of Radio Frequency Identification},
pages = {1--1},
title = {{Real-Time Global Localization of a Mobile Robot by Exploiting RFID Technology}},
url = {https://ieeexplore.ieee.org/document/10160120/},
year = {2023}
}
@INPROCEEDINGS{8739423,
  author={Tzitzis, Anastasios and Megalou, Spyros and Siachalou, Stavroula and Yioultsis, Traianos and Kehagias, Athanasios and Tsardoulias, Emmanouil and Filotheou, Alexandros and Symeonidis, Andreas and Petrou, Loukas and Dimitriou, Antonis G.},
  booktitle={2019 13th European Conference on Antennas and Propagation (EuCAP)},
  title={Phase ReLock - Localization of RFID Tags by a Moving Robot},
  year={2019},
  volume={},
  number={},
  pages={1-5},
  doi={}}
@INPROCEEDINGS{8739486,
  author={Megalou, Spyros and Tzitzis, Anastasios and Siachalou, Stavroula and Yioultsis, Traianos and Sahalos, John and Tsardoulias, Emmanouil and Filotheou, Alexandros and Symeonidis, Andreas and Petrou, Loukas and Bletsas, Aggelos and Dimitriou, Antonis G.},
  booktitle={2019 13th European Conference on Antennas and Propagation (EuCAP)},
  title={Fingerprinting Localization of RFID tags with Real-Time Performance-Assessment, using a Moving Robot},
  year={2019},
  volume={},
  number={},
  pages={1-5},
  doi={}}
@article{Filotheou2020bA,
author = {Filotheou, Alexandros and Tsardoulias, Emmanouil and Dimitriou, Antonis and Symeonidis, Andreas and Petrou, Loukas},
doi = {10.1007/s10846-019-01086-y},
issn = {0921-0296},
journal = {Journal of Intelligent {\&} Robotic Systems},
month = {jun},
number = {3-4},
pages = {567--601},
title = {{Quantitative and Qualitative Evaluation of ROS-Enabled Local and Global Planners in 2D Static Environments}},
url = {http://link.springer.com/10.1007/s10846-019-01086-y},
volume = {98},
year = {2020}
}
@article{Filotheou2020cA,
author = {Filotheou, Alexandros and Tsardoulias, Emmanouil and Dimitriou, Antonis and Symeonidis, Andreas and Petrou, Loukas},
doi = {10.1007/s10846-020-01253-6},
issn = {0921-0296},
journal = {Journal of Intelligent {\&} Robotic Systems},
month = {dec},
number = {3-4},
pages = {925--944},
title = {{Pose Selection and Feedback Methods in Tandem Combinations of Particle Filters with Scan-Matching for 2D Mobile Robot Localisation}},
url = {https://link.springer.com/10.1007/s10846-020-01253-6},
volume = {100},
year = {2020}
}
@article{Filotheou2022eA,
author = {Filotheou, Alexandros and Tzitzis, Anastasios and Tsardoulias, Emmanouil and Dimitriou, Antonis and Symeonidis, Andreas and Sergiadis, George and Petrou, Loukas},
doi = {10.1007/s10846-021-01535-7},
issn = {0921-0296},
journal = {Journal of Intelligent {\&} Robotic Systems},
month = {feb},
number = {2},
pages = {26},
title = {{Passive Global Localisation of Mobile Robot via 2D Fourier-Mellin Invariant Matching}},
url = {https://link.springer.com/10.1007/s10846-021-01535-7},
volume = {104},
year = {2022}
}
@inproceedings{Filotheou2022iA,
author={Filotheou, Alexandros and Sergiadis, Georgios D. and Dimitriou, Antonis G.},
booktitle={2022 IEEE/RSJ International Conference on Intelligent Robots and Systems (IROS)},
title={FSM: Correspondenceless scan-matching of panoramic 2D range scans},
month={oct},
year={2022},
pages={6968-6975},
doi={10.1109/IROS47612.2022.9981228}
}
@article{Filotheou2023A,
author = {Filotheou, Alexandros and Symeonidis, Andreas L. and Sergiadis, Georgios D. and Dimitriou, Antonis G.},
doi = {10.1016/j.array.2023.100288},
issn = {25900056},
journal = {Array},
month = {jul},
pages = {100288},
title = {{Correspondenceless scan-to-map-scan matching of 2D panoramic range scans}},
url = {https://linkinghub.elsevier.com/retrieve/pii/S2590005623000139},
volume = {18},
year = {2023}
}
