@book{thrun2005probabilistic,
abstract = {Probablistic robotics is a growing area in the subject, concerned with perception and control in the face of uncertainty and giving robots a level of robustness in real-world situations. This book introduces techniques and algorithms in the field.},
address = {Cambridge, Mass.},
author = {Thrun, Sebastian and Burgard, Wolfram and Fox, Dieter},
isbn = {0262201623 9780262201629},
keywords = {SLAM localisation mapping robot topoi},
publisher = {MIT Press},
title = {{Probabilistic robotics}},
url = {http://www.amazon.de/gp/product/0262201623/102-8479661-9831324?v=glance{\&}n=283155{\&}n=507846{\&}s=books{\&}v=glance},
year = {2005}
}
@book{liddell_scott,
title = {Επιτομή του μεγάλου λεξικού της ελληνικής γλώσσης},
author = {Liddell, Henry. G. and Scott, Robert and Α. Κωνσταντινίδου},
year = {2007}
}
@article{Beer2014,
author = {Beer, Jenay M and Fisk, Arthur D and Rogers, Wendy A},
doi = {10.5898/JHRI.3.2.Beer},
issn = {2163-0364},
journal = {Journal of Human-Robot Interaction},
month = {jun},
number = {2},
pages = {74},
title = {{Toward a Framework for Levels of Robot Autonomy in Human-Robot Interaction}},
url = {http://dl.acm.org/citation.cfm?id=3109833},
volume = {3},
year = {2014}
}
